<collection xmlns="http://www.loc.gov/MARC21/slim">
<record>
  <leader>01200nam0a22002171i 450 </leader>
  <controlfield tag="001">IT\ICCU\CNCE\075735</controlfield>
  <controlfield tag="005">20110303000000.0</controlfield>
  <datafield tag="012" ind1=" " ind2=" ">
    <subfield code="a">tout emn- o-is raue (C) 1562 (R)</subfield>
    <subfield code="2">fei</subfield>
  </datafield>
  <datafield tag="100" ind1=" " ind2=" ">
    <subfield code="a">20110303d1562        0itac0103    ba</subfield>
  </datafield>
  <datafield tag="101" ind1=" " ind2=" ">
    <subfield code="a">LAT</subfield>
  </datafield>
  <datafield tag="102" ind1=" " ind2=" ">
    <subfield code="a">IT</subfield>
  </datafield>
  <datafield tag="200" ind1="1" ind2=" ">
    <subfield code="a">Scriptum verum, ac breue, causas continens, cur inclyta natio Germanica Bononia secesserit, ex quibus prudenti iudici facile patebit, quam iuste, ac humaniter, Petrus Donatus Caesius episcopus Narniensis, eius vrbis praesul, cum quibusdam ex Germanis egerit: edita totius nationis, quae tunc Bononiae fuit consensu, sicut ex nominibus propria manu ipsi originali a quolibet eius Collegii Germanici subscriptis, satis constat</subfield>
  </datafield>
  <datafield tag="210" ind1=" " ind2=" ">
    <subfield code="d">1562</subfield>
  </datafield>
  <datafield tag="215" ind1=" " ind2=" ">
    <subfield code="a">\18! c.</subfield>
    <subfield code="d">4ʻ</subfield>
  </datafield>
  <datafield tag="710" ind1="0" ind2="2">
    <subfield code="a">Universit ̉degli studi</subfield>
    <subfield code="c"> &lt;Bologna&gt;</subfield>
    <subfield code="3">8755</subfield>
  </datafield>
  <datafield tag="712" ind1="0" ind2="2">
    <subfield code="a">s.n.</subfield>
    <subfield code="3">IT\ICCU\CNCT\000002</subfield>
    <subfield code="4">650</subfield>
  </datafield>
  <datafield tag="791" ind1="0" ind2="2">
    <subfield code="a">Studium Bononiensis</subfield>
    <subfield code="3">15577</subfield>
    <subfield code="z">Universit ̉degli studi &lt;Bologna&gt;</subfield>
  </datafield>
  <datafield tag="801" ind1=" " ind2="3">
    <subfield code="a">IT</subfield>
    <subfield code="b">ICCU</subfield>
    <subfield code="c">20201115</subfield>
  </datafield>
  <datafield tag="899" ind1=" " ind2=" ">
    <subfield code="a">Biblioteca dell&apos;Archivio Storico - Universit ̉degli studi di Bologna. Bologna</subfield>
    <subfield code="1">BO0420</subfield>
    <subfield code="2">UBO SG</subfield>
  </datafield>
  <datafield tag="899" ind1=" " ind2=" ">
    <subfield code="a">Biblioteca Apostolica Vaticana. Citt ̉del Vaticano</subfield>
    <subfield code="1">EX0001</subfield>
    <subfield code="2">ZCV 01</subfield>
  </datafield>
  <datafield tag="899" ind1=" " ind2=" ">
    <subfield code="a">Biblioteca nazionale centrale. Roma</subfield>
    <subfield code="1">RM0267</subfield>
    <subfield code="2">BVE CR</subfield>
  </datafield>
</record>
</collection>
